@misc{mitbih2005,
  author       = {Moody, George B. and Mark, Roger G.},
  title        = {MIT-BIH Arrhythmia Database},
  year         = {2005},
  howpublished = {Disponível em: \url{https://www.physionet.org/physiobank/database/mitdb/}},
  note         = {Acesso em: 28 set. 2025}
}

@misc{silva2025,
  author       = {Silva, Guilherme A. L. and Silva, Pedro H. L. and Moreira, Gladston J. P. and Freitas, Vander L. S. and Gertrudes, Jadson C. and Luz, Eduardo J. S.},
  title        = {A Systematic Review of ECG Arrhythmia Classification: Adherence to Standards, Fair Evaluation, and Embedded Feasibility},
  year         = {2025},
  howpublished = {arXiv:2503.07276v1},
  note         = {Acesso em: 28 set. 2025}         
}

@book{james2023,
  author    = {James, Gareth and Witten, Daniela and Hastie, Trevor and Tibshirani, Rob and Taylor, Jonathan},
  title     = {An Introduction to Statistical Learning: with applications in Python},
  year      = {2023},
  publisher = {Springer},
  address   = {Cham},
  note      = {Disponível em: \url{https://www.statlearning.com/}. Acesso em: 28 ago. 2025}
}

 @article{Makowski2021neurokit,
     author = {Dominique Makowski and Tam Pham and Zen J. Lau and Jan C. Brammer and Fran{\c{c}}ois Lespinasse and Hung Pham and Christopher Schölzel and S. H. Annabel Chen},
     title = {{NeuroKit}2: A Python toolbox for neurophysiological signal processing},
     journal = {Behavior Research Methods},
     volume = {53},
     number = {4},
     pages = {1689--1696},
     publisher = {Springer Science and Business Media {LLC}},
     doi = {10.3758/s13428-020-01516-y},
     url = {https://doi.org/10.3758%2Fs13428-020-01516-y},
     year = 2021,
     month = {feb}
 }

@article{narotamo2024,
  title={Deep learning for ECG classification: A comparative study of 1D and 2D representations and multimodal fusion approaches},
  author={Narotamo, Hemaxi and Dias, Mariana and Santos, Ricardo and Carreiro, Andr{\'e} V. and Gamboa, Hugo and Silveira, Margarida},
  journal={Biomedical Signal Processing and Control},
  publisher={Elsevier},
  year={2024},
  doi={10.1016/j.bspc.2024.106141}
}

@misc{msd_ecg,
  author       = {Thomas Cascino and Michael J. Shea},
  title        = {Eletrocardiograma (ECG)},
  howpublished = {MSD Manual de Medicina},
  note         = {Revisado por Jonathan G. Howlett},
  year         = {2025},
  url          = {https://www.msdmanuals.com/pt/casa/dist%C3%BArbios-do-cora%C3%A7%C3%A3o-e-dos-vasos-sangu%C3%ADneos/diagn%C3%B3stico-de-dist%C3%BArbios-do-cora%C3%A7%C3%A3o-e-dos-vasos-sangu%C3%ADneos/eletrocardiograma}
}
