@article{Chapungo2021SensorsAC,
    title={Sensors and Comunication Protocols for Precision Agriculture},
    author={Nelson Jos{\'e} Chapungo and Octavian Adrian Postolache},
    journal={2021 12th International Symposium on Advanced Topics in Electrical Engineering (ATEE)},
    year={2021},
    pages={1-6},
    url={https://api.semanticscholar.org/CorpusID:234478723}
}

@article{MohamedArafathRajack2021ImplementationOI,
    title={Implementation of IoT in Agriculture},
    author={B. Mohamed Arafath Rajack and N. Subramanian and N. Arun Pragadesh and R. Suvanesh and S. Vignesh},
    journal={Recent Trends in Intensive Computing},
    year={2021},
    url={https://api.semanticscholar.org/CorpusID:244875088}
}

@article{Marinello2023ThePT,
    title={The Path to Smart Farming: Innovations and Opportunities in Precision Agriculture},
    author={Francesco Marinello and Xiuguo Zou and Zheng Liu and Xiaochen Zhu and Wentian Zhang and Yan Qian and Yuhua Li and E.M.B.M. Karunathilake and Anh Tuan Le and Seong Heo and Yong Suk Chung and Sheikh Mansoor},
    journal={Agriculture},
    year={2023},
    url={https://api.semanticscholar.org/CorpusID:260852984}
}

@article{Appiah2024PlanteSaineAA,
  title={PlanteSaine: An Artificial Intelligent Empowered Mobile Application for Pests and Disease Management for Maize, Tomato, and Onion Farmers in Burkina Faso},
  author={Obed Appiah and Kwame Oppong Hackman and Belko Abdoul Aziz Diallo and Kehinde O. Ogunjobi and Son Diakalia and Ouedraogo Valentin and Damoue Abdoul-Karim and Gaston Dabire},
  journal={Agriculture},
  year={2024},
  url={https://api.semanticscholar.org/CorpusID:271591922}
}

@article{Osman2022MOBILEUI,
  title={MOBILE USER INTERFACE DESIGN FOR SMALLHOLDER AGRICULTURE TO BE A SMART FARMER: A SCOPING REVIEW},
  author={Mohamad Jahidi Osman and Nurul Hawani Idris and Zulkepli Majid and Mohd Radhie Mohd Salleh},
  journal={Journal of Information System and Technology Management},
  year={2022},
  url={https://api.semanticscholar.org/CorpusID:248146026}
}

@article{Placidi2023LowCostAL,
  title={Low-Cost and Low-Frequency Impedance Meter for Soil Water Content Measurement in the Precision Agriculture Scenario},
  author={Pisana Placidi and Carmine Villani Delle Vergini and Nicola Papini and Manuela Cecconi and Paolo Mezzanotte and Andrea Scorzoni},
  journal={IEEE Transactions on Instrumentation and Measurement},
  year={2023},
  volume={72},
  pages={1-13},
  url={https://api.semanticscholar.org/CorpusID:260752901}
}

@article{Khosravi2018ComparisonBN,
  title={Comparison between NFC/RFID and Bar Code Systems for Halal Tags Identification: Paired Sample T-Test Evaluation},
  author={Mohsen Khosravi and Najma Imtiaz Ali and Mostafa Karbasi and Imtiaz Ali Brohi and Irfan Ahmed Shaikh and Asadullah Shah},
  journal={International Journal of Advanced Computer Science and Applications},
  year={2018},
  volume={9},
  url={https://api.semanticscholar.org/CorpusID:13740736}
}

@article{Akter2023AgroBasedMA,
  title={Agro-Based Mobile Apps Adoption among Bangladeshi Farmers at the ‘Hamlet’ of Bangladesh – A Case Study of Chandpura Village of Barisal},
  author={Afruza Akter and Kim Hua Tan},
  journal={Jurnal Komunikasi: Malaysian Journal of Communication},
  year={2023},
  url={https://api.semanticscholar.org/CorpusID:266548162}
}

@article{Faridah2022CaribiMA,
    title={Caribi Mobile Application Based on Radio Frequency Identification (RFID) for Internet of Things (IoT)},
    author={Linda Faridah and Andri Ulus Rahayu and Rahmi Nur Shopa and Heni Sulastri and Nurul Hiron and Firmansyah Maulana Sugiartana Nursuwars},
    journal={International Journal of Advanced Science Computing and Engineering},
    year={2022},
    url={https://api.semanticscholar.org/CorpusID:255699606}
}

@article{Erz2020IoTBM,
  title={IoT Based Mobile Smart Home Surveillance Application},
  author={Haki Mehmet Erzİ and Ahmet Arif Aydin},
  journal={2020 4th International Symposium on Multidisciplinary Studies and Innovative Technologies (ISMSIT)},
  year={2020},
  pages={1-5},
  url={https://api.semanticscholar.org/CorpusID:227061527}
}

@article{Epiloksa2022EffectOM,
  title={Effect Of MVVM Architecture Pattern on Android Based Application Performance},
  author={Hammamul Achdan Epiloksa and Dana Sulistyo Kusumo and Monterico Adrian},
  journal={JURNAL MEDIA INFORMATIKA BUDIDARMA},
  year={2022},
  url={https://api.semanticscholar.org/CorpusID:255625264}
}

@misc{IBGE,
    title={Ranking: Produção Agrícola - Lavoura Permanente},
    key={Instituto Brasileiro de Geografia e Estatística (IBGE).},
    url={https://cidades.ibge.gov.br/brasil/ba/pesquisa/15/0?tipo=ranking&indicador=11897},
    year={2024},
    note={Acesso em novembro 2024.}
}

@misc{OliveiraSerra2022,
    title= {Aplicativo mobile para coleta de informações do cultivo do cacau.},
    author={Oliveira, C. M. and Serra, H. A. and Dornelles, M. M.},  
    booktitle={Anais eletrônicos do Seminário de Iniciação Científica, 27.; Simpósio de Ensino, Extensão, Inovação e Pesquisa, 8.},
    year={2021},
    url={http://propp.uesc.br/sic/anais.php},
    note={Acesso em:17/01/2022.}
}

@misc{AdrielPlataC,
    title={Plataforma Web para armazenamento e consulta de informações do cultivo do cacau na Bahia.},
    author={Silva, M. N. and Oliveira, A. F. da S. and Dornelles, M. M.},
    booktitle={Anais eletrônicos do Seminário de Iniciação Científica, 27.; Simpósio de Ensino, Extensão, Inovação e Pesquisa, 8.},
    year={2021},
    url={http://propp.uesc.br/sic/anais.php},
    note={Acesso em:17/01/2022.}
}

@misc{IDTechEx2023,
    author       = {IDTechEx},
    title        = {{RFID Forecasts, Players and Opportunities 2023--2033}},
    year         = {2023},
    howpublished = {\url{https://www.idtechex.com/en/research-report/rfid-forecasts-players-and-opportunities-2023-2033/}},
    note         = {[Online; acessado em 21-dez-2024]}
}

@misc{Alibaba,
    author       = {Alibaba},
    title        = {{Alibaba Website}},
    howpublished = {\url{https://www.alibaba.com/}},
    note         = {[Online; acessado em 21-dez-2024]}
}

@misc{AliExpress,
    author       = {AliExpress},
    title        = {{AliExpress Website}},
    howpublished = {\url{https://pt.aliexpress.com/}},
    note         = {[Online; acessado em 21-dez-2024]}
}

@misc{Zebra,
    author       = {{Zebra Technologies}},
    title        = {{Zebra Official Website}},
    howpublished = {\url{https://www.zebra.com/}},
    note         = {[Online; acessado em 21-dez-2024]}
}

@misc{AveryDennison,
    author       = {{Avery Dennison}},
    title        = {{Avery Dennison RBIS}},
    howpublished = {\url{https://rbis.averydennison.com/}},
    note         = {[Online; acessado em 21-dez-2024]}
}

@misc{Smartrac,
    author       = {{Smartrac (Avery Dennison)}},
    title        = {{RFID by Avery Dennison}},
    howpublished = {\url{https://rfid.averydennison.com/en/home.html}},
    note         = {[Online; acessado em 21-dez-2024]}
}
